<!DOCTYPE html>
<meta charset="utf-8" />
<!-- version 1 -->
<title>[Gen 9] Random Battle replay: Evaluator vs. Agent_id</title>
<style>
html,body {font-family:Verdana, sans-serif;font-size:10pt;margin:0;padding:0;}body{padding:12px 0;} .battle-log {font-family:Verdana, sans-serif;font-size:10pt;} .battle-log-inline {border:1px solid #AAAAAA;background:#EEF2F5;color:black;max-width:640px;margin:0 auto 80px;padding-bottom:5px;} .battle-log .inner {padding:4px 8px 0px 8px;} .battle-log .inner-preempt {padding:0 8px 4px 8px;} .battle-log .inner-after {margin-top:0.5em;} .battle-log h2 {margin:0.5em -8px;padding:4px 8px;border:1px solid #AAAAAA;background:#E0E7EA;border-left:0;border-right:0;font-family:Verdana, sans-serif;font-size:13pt;} .battle-log .chat {vertical-align:middle;padding:3px 0 3px 0;font-size:8pt;} .battle-log .chat strong {color:#40576A;} .battle-log .chat em {padding:1px 4px 1px 3px;color:#000000;font-style:normal;} .chat.mine {background:rgba(0,0,0,0.05);margin-left:-8px;margin-right:-8px;padding-left:8px;padding-right:8px;} .spoiler {color:#BBBBBB;background:#BBBBBB;padding:0px 3px;} .spoiler:hover, .spoiler:active, .spoiler-shown {color:#000000;background:#E2E2E2;padding:0px 3px;} .spoiler a {color:#BBBBBB;} .spoiler:hover a, .spoiler:active a, .spoiler-shown a {color:#2288CC;} .chat code, .chat .spoiler:hover code, .chat .spoiler:active code, .chat .spoiler-shown code {border:1px solid #C0C0C0;background:#EEEEEE;color:black;padding:0 2px;} .chat .spoiler code {border:1px solid #CCCCCC;background:#CCCCCC;color:#CCCCCC;} .battle-log .rated {padding:3px 4px;} .battle-log .rated strong {color:white;background:#89A;padding:1px 4px;border-radius:4px;} .spacer {margin-top:0.5em;} .message-announce {background:#6688AA;color:white;padding:1px 4px 2px;} .message-announce a, .broadcast-green a, .broadcast-blue a, .broadcast-red a {color:#DDEEFF;} .broadcast-green {background-color:#559955;color:white;padding:2px 4px;} .broadcast-blue {background-color:#6688AA;color:white;padding:2px 4px;} .infobox {border:1px solid #6688AA;padding:2px 4px;} .infobox-limited {max-height:200px;overflow:auto;overflow-x:hidden;} .broadcast-red {background-color:#AA5544;color:white;padding:2px 4px;} .message-learn-canlearn {font-weight:bold;color:#228822;text-decoration:underline;} .message-learn-cannotlearn {font-weight:bold;color:#CC2222;text-decoration:underline;} .message-effect-weak {font-weight:bold;color:#CC2222;} .message-effect-resist {font-weight:bold;color:#6688AA;} .message-effect-immune {font-weight:bold;color:#666666;} .message-learn-list {margin-top:0;margin-bottom:0;} .message-throttle-notice, .message-error {color:#992222;} .message-overflow, .chat small.message-overflow {font-size:0pt;} .message-overflow::before {font-size:9pt;content:'...';} .subtle {color:#3A4A66;}
</style>
<div class="wrapper replay-wrapper" style="max-width:1180px;margin:0 auto">
<input type="hidden" name="replayid" value="gen9randombattle-2255581885" />
<div class="battle"></div><div class="battle-log"></div><div class="replay-controls"></div><div class="replay-controls-2"></div>
<h1 style="font-weight:normal;text-align:center"><strong>[Gen 9] Random Battle</strong><br /><a href="http://pokemonshowdown.com/users/evaluator" class="subtle" target="_blank">Evaluator</a> vs. <a href="http://pokemonshowdown.com/users/agentid" class="subtle" target="_blank">Agent_id</a></h1>
<script type="text/plain" class="battle-log-data">|j|☆Evaluator
|j|☆Agent_id

|t:|1733190944
|gametype|singles
|player|p1|Evaluator|102|
|player|p2|Agent_id|265|
|teamsize|p1|6
|teamsize|p2|6
|gen|9
|tier|[Gen 9] Random Battle
|rule|Species Clause: Limit one of each Pokémon
|rule|HP Percentage Mod: HP is shown in percentages
|rule|Sleep Clause Mod: Limit one foe put to sleep
|rule|Illusion Level Mod: Illusion disguises the Pokémon's true level
|
|t:|1733190944
|start
|switch|p1a: Coalossal|Coalossal, L89, M|100\/100
|switch|p2a: Ariados|Ariados, L95, F|287\/287
|turn|1
|
|t:|1733190959
|move|p2a: Ariados|Poison Jab|p1a: Coalossal
|-resisted|p1a: Coalossal
|-damage|p1a: Coalossal|90\/100
|move|p1a: Coalossal|Overheat|p2a: Ariados
|-supereffective|p2a: Ariados
|-enditem|p2a: Ariados|Focus Sash
|-damage|p2a: Ariados|1\/287
|-unboost|p1a: Coalossal|spa|2
|
|upkeep
|turn|2
|
|t:|1733190970
|move|p2a: Ariados|Megahorn|p1a: Coalossal
|-resisted|p1a: Coalossal
|-damage|p1a: Coalossal|64\/100
|move|p1a: Coalossal|Rapid Spin|p2a: Ariados
|-damage|p2a: Ariados|0 fnt
|-boost|p1a: Coalossal|spe|1
|faint|p2a: Ariados
|
|upkeep
|
|t:|1733190970
|switch|p2a: Tsareena|Tsareena, L87, F|267\/267
|turn|3
|
|t:|1733190987
|move|p2a: Tsareena|High Jump Kick|p1a: Coalossal
|-supereffective|p1a: Coalossal
|-damage|p1a: Coalossal|10\/100
|move|p1a: Coalossal|Overheat|p2a: Tsareena
|-supereffective|p2a: Tsareena
|-damage|p2a: Tsareena|187\/267
|-unboost|p1a: Coalossal|spa|2
|
|upkeep
|turn|4
|
|t:|1733190999
|move|p2a: Tsareena|High Jump Kick|p1a: Coalossal
|-supereffective|p1a: Coalossal
|-damage|p1a: Coalossal|0 fnt
|-status|p2a: Tsareena|brn|[from] ability: Flame Body|[of] p1a: Coalossal
|faint|p1a: Coalossal
|
|-damage|p2a: Tsareena|171\/267 brn|[from] brn
|upkeep
|
|t:|1733191016
|switch|p1a: Chi-Yu|Chi-Yu, L77|100\/100
|-ability|p1a: Chi-Yu|Beads of Ruin
|turn|5
|
|t:|1733191020
|move|p1a: Chi-Yu|Fire Blast|p2a: Tsareena
|-supereffective|p2a: Tsareena
|-damage|p2a: Tsareena|0 fnt
|faint|p2a: Tsareena
|
|upkeep
|
|t:|1733191020
|switch|p2a: Alcremie|Alcremie-Lemon-Cream, L90, F|263\/263
|turn|6
|
|t:|1733191037
|switch|p1a: Basculegion|Basculegion-F, L83, F|100\/100
|-terastallize|p2a: Alcremie|Ground
|move|p2a: Alcremie|Recover||[still]
|-fail|p2a: Alcremie|heal
|
|upkeep
|turn|7
|
|t:|1733191048
|move|p1a: Basculegion|Wave Crash|p2a: Alcremie
|-supereffective|p2a: Alcremie
|-damage|p2a: Alcremie|0 fnt
|faint|p2a: Alcremie
|-damage|p1a: Basculegion|75\/100|[from] Recoil
|
|upkeep
|
|t:|1733191048
|switch|p2a: Beartic|Beartic, L91, M|321\/321
|turn|8
|
|t:|1733191084
|move|p1a: Basculegion|Wave Crash|p2a: Beartic
|-damage|p2a: Beartic|149\/321
|-damage|p1a: Basculegion|58\/100|[from] Recoil
|move|p2a: Beartic|Icicle Crash|p1a: Basculegion
|-resisted|p1a: Basculegion
|-damage|p1a: Basculegion|33\/100
|
|upkeep
|turn|9
|
|t:|1733191093
|move|p1a: Basculegion|Wave Crash|p2a: Beartic
|-damage|p2a: Beartic|1\/321
|-damage|p1a: Basculegion|18\/100|[from] Recoil
|move|p2a: Beartic|Icicle Crash|p1a: Basculegion|[miss]
|-miss|p2a: Beartic|p1a: Basculegion
|
|upkeep
|turn|10
|
|t:|1733191096
|move|p1a: Basculegion|Flip Turn|p2a: Beartic
|-damage|p2a: Beartic|0 fnt
|faint|p2a: Beartic
|
|t:|1733191106
|switch|p1a: Cobalion|Cobalion, L80|100\/100|[from] Flip Turn
|
|upkeep
|
|t:|1733191106
|switch|p2a: Gumshoos|Gumshoos, L95, M|321\/321
|turn|11
|
|t:|1733191113
|-terastallize|p1a: Cobalion|Fighting
|move|p1a: Cobalion|Close Combat|p2a: Gumshoos
|-supereffective|p2a: Gumshoos
|-damage|p2a: Gumshoos|0 fnt
|-unboost|p1a: Cobalion|def|1
|-unboost|p1a: Cobalion|spd|1
|faint|p2a: Gumshoos
|
|upkeep
|
|t:|1733191113
|switch|p2a: Terrakion|Terrakion, L79|273\/273
|turn|12
|
|t:|1733191126
|move|p1a: Cobalion|Close Combat|p2a: Terrakion
|-supereffective|p2a: Terrakion
|-damage|p2a: Terrakion|0 fnt
|-unboost|p1a: Cobalion|def|1
|-unboost|p1a: Cobalion|spd|1
|faint|p2a: Terrakion
|
|win|Evaluator</script>
</div>
<div class="battle-log battle-log-inline"><div class="inner"><div class="battle-options"><div style="padding-top: 3px; padding-right: 3px; text-align: right"><button class="icon button" name="openBattleOptions" title="Options">Battle Options</button></div></div><div class="inner message-log"><div class="chat"><small>☆Evaluator and ☆Agent_id joined</small></div><div class=""><small>Format:</small> <br><strong>[Gen 9] Random Battle</strong></div><div class=""><small><em>Species Clause:</em> Limit one of each Pokémon</small></div><div class=""><small><em>HP Percentage Mod:</em> HP is shown in percentages</small></div><div class=""><small><em>Sleep Clause Mod:</em> Limit one foe put to sleep</small></div><div class=""><small><em>Illusion Level Mod:</em> Illusion disguises the Pokémon's true level</small></div><div class="spacer battle-history"><br></div><div class="battle-history">Battle started between Evaluator and Agent_id!<br></div><div class="spacer battle-history"><br></div><div class="battle-history">Evaluator sent out <strong>Coalossal</strong>!<br></div><div class="spacer battle-history"><br></div><div class="battle-history">Go! <strong>Ariados</strong>!<br></div><div class="spacer battle-history"><br></div><h2 class="battle-history">Turn 1</h2><div class="spacer battle-history"><br></div><div class="battle-history">Ariados used <strong>Poison Jab</strong>!<br></div><div class="battle-history"><small>It's not very effective...</small><br></div><div class="battle-history"><small>(The opposing Coalossal lost 10% of its health!)</small><br></div><div class="spacer battle-history"><br></div><div class="battle-history">The opposing Coalossal used <strong>Overheat</strong>!<br></div><div class="battle-history"><small>It's super effective!</small><br></div><div class="battle-history"><small>Ariados hung on using its Focus Sash!</small><br></div><div class="battle-history"><small>(Ariados lost <abbr title="−286/287">99.7%</abbr> of its health!)</small><br></div><div class="battle-history"><small>The opposing Coalossal's Sp. Atk fell harshly!</small><br></div><div class="spacer battle-history"><br></div><h2 class="battle-history">Turn 2</h2><div class="spacer battle-history"><br></div><div class="battle-history">Ariados used <strong>Megahorn</strong>!<br></div><div class="battle-history"><small>It's not very effective...</small><br></div><div class="battle-history"><small>(The opposing Coalossal lost 26% of its health!)</small><br></div><div class="spacer battle-history"><br></div><div class="battle-history">The opposing Coalossal used <strong>Rapid Spin</strong>!<br></div><div class="battle-history"><small>(Ariados lost <abbr title="−1/287">0.3%</abbr> of its health!)</small><br></div><div class="battle-history"><small>The opposing Coalossal's Speed rose!</small><br></div><div class="spacer battle-history"><br></div><div class="battle-history">Ariados fainted!<br></div><div class="spacer battle-history"><br></div><div class="battle-history">Go! <strong>Tsareena</strong>!<br></div><div class="spacer battle-history"><br></div><h2 class="battle-history">Turn 3</h2><div class="spacer battle-history"><br></div><div class="battle-history">Tsareena used <strong>High Jump Kick</strong>!<br></div><div class="battle-history"><small>It's super effective!</small><br></div><div class="battle-history"><small>(The opposing Coalossal lost 54% of its health!)</small><br></div><div class="spacer battle-history"><br></div><div class="battle-history">The opposing Coalossal used <strong>Overheat</strong>!<br></div><div class="battle-history"><small>It's super effective!</small><br></div><div class="battle-history"><small>(Tsareena lost <abbr title="−80/267">30.0%</abbr> of its health!)</small><br></div><div class="battle-history"><small>The opposing Coalossal's Sp. Atk fell harshly!</small><br></div><div class="spacer battle-history"><br></div><h2 class="battle-history">Turn 4</h2><div class="spacer battle-history"><br></div><div class="battle-history">Tsareena used <strong>High Jump Kick</strong>!<br></div><div class="battle-history"><small>It's super effective!</small><br></div><div class="battle-history"><small>(The opposing Coalossal lost 10% of its health!)</small><br></div><div class="battle-history">[The opposing Coalossal's Flame Body]<br><small>Tsareena was burned!</small><br></div><div class="spacer battle-history"><br></div><div class="battle-history">The opposing Coalossal fainted!<br></div><div class="spacer battle-history"><br></div><div class="battle-history"><small>Tsareena was hurt by its burn!</small><br></div><div class="spacer battle-history"><br></div><div class="battle-history">Evaluator sent out <strong>Chi-Yu</strong>!<br></div><div class="battle-history">[The opposing Chi-Yu's Beads of Ruin]<br><small>The opposing Chi-Yu's Beads of Ruin weakened the Sp. Def of all surrounding Pokémon!</small><br></div><div class="spacer battle-history"><br></div><h2 class="battle-history">Turn 5</h2><div class="spacer battle-history"><br></div><div class="battle-history">The opposing Chi-Yu used <strong>Fire Blast</strong>!<br></div><div class="battle-history"><small>It's super effective!</small><br></div><div class="battle-history"><small>(Tsareena lost <abbr title="−171/267">64.0%</abbr> of its health!)</small><br></div><div class="spacer battle-history"><br></div><div class="battle-history">Tsareena fainted!<br></div><div class="spacer battle-history"><br></div><div class="battle-history">Go! Alcremie (<strong>Alcremie-Lemon-Cream</strong>)!<br></div><div class="spacer battle-history"><br></div><h2 class="battle-history">Turn 6</h2><div class="spacer battle-history"><br></div><div class="battle-history">Evaluator withdrew Chi-Yu!<br></div><div class="battle-history">Evaluator sent out Basculegion (<strong>Basculegion-F</strong>)!<br></div><div class="spacer battle-history"><br></div><div class="battle-history"><small>Alcremie has Terastallized into the Ground-type!</small><br></div><div class="spacer battle-history"><br></div><div class="battle-history">Alcremie used <strong>Recover</strong>!<br></div><div class="battle-history"><small>Alcremie's HP is full!</small><br></div><div class="spacer battle-history"><br></div><h2 class="battle-history">Turn 7</h2><div class="spacer battle-history"><br></div><div class="battle-history">The opposing Basculegion used <strong>Wave Crash</strong>!<br></div><div class="battle-history"><small>It's super effective!</small><br></div><div class="battle-history"><small>(Alcremie lost <abbr title="−263/263">100%</abbr> of its health!)</small><br></div><div class="spacer battle-history"><br></div><div class="battle-history">Alcremie fainted!<br></div><div class="battle-history"><small>The opposing Basculegion was damaged by the recoil!</small><br></div><div class="spacer battle-history"><br></div><div class="battle-history">Go! <strong>Beartic</strong>!<br></div><div class="spacer battle-history"><br></div><h2 class="battle-history">Turn 8</h2><div class="spacer battle-history"><br></div><div class="battle-history">The opposing Basculegion used <strong>Wave Crash</strong>!<br></div><div class="battle-history"><small>(Beartic lost <abbr title="−172/321">53.6%</abbr> of its health!)</small><br></div><div class="battle-history"><small>The opposing Basculegion was damaged by the recoil!</small><br></div><div class="spacer battle-history"><br></div><div class="battle-history">Beartic used <strong>Icicle Crash</strong>!<br></div><div class="battle-history"><small>It's not very effective...</small><br></div><div class="battle-history"><small>(The opposing Basculegion lost 25% of its health!)</small><br></div><div class="spacer battle-history"><br></div><h2 class="battle-history">Turn 9</h2><div class="spacer battle-history"><br></div><div class="battle-history">The opposing Basculegion used <strong>Wave Crash</strong>!<br></div><div class="battle-history"><small>(Beartic lost <abbr title="−148/321">46.1%</abbr> of its health!)</small><br></div><div class="battle-history"><small>The opposing Basculegion was damaged by the recoil!</small><br></div><div class="spacer battle-history"><br></div><div class="battle-history">Beartic used <strong>Icicle Crash</strong>!<br></div><div class="battle-history"><small>The opposing Basculegion avoided the attack!</small><br></div><div class="spacer battle-history"><br></div><h2 class="battle-history">Turn 10</h2><div class="spacer battle-history"><br></div><div class="battle-history">The opposing Basculegion used <strong>Flip Turn</strong>!<br></div><div class="battle-history"><small>(Beartic lost <abbr title="−1/321">0.3%</abbr> of its health!)</small><br></div><div class="spacer battle-history"><br></div><div class="battle-history">Beartic fainted!<br></div><div class="spacer battle-history"><br></div><div class="battle-history">The opposing Basculegion went back to Evaluator!<br></div><div class="battle-history">Evaluator sent out <strong>Cobalion</strong>!<br></div><div class="spacer battle-history"><br></div><div class="battle-history">Go! <strong>Gumshoos</strong>!<br></div><div class="spacer battle-history"><br></div><h2 class="battle-history">Turn 11</h2><div class="spacer battle-history"><br></div><div class="battle-history"><small>The opposing Cobalion has Terastallized into the Fighting-type!</small><br></div><div class="spacer battle-history"><br></div><div class="battle-history">The opposing Cobalion used <strong>Close Combat</strong>!<br></div><div class="battle-history"><small>It's super effective!</small><br></div><div class="battle-history"><small>(Gumshoos lost <abbr title="−321/321">100%</abbr> of its health!)</small><br></div><div class="battle-history"><small>The opposing Cobalion's Defense fell!</small><br></div><div class="battle-history"><small>The opposing Cobalion's Sp. Def fell!</small><br></div><div class="spacer battle-history"><br></div><div class="battle-history">Gumshoos fainted!<br></div><div class="spacer battle-history"><br></div><div class="battle-history">Go! <strong>Terrakion</strong>!<br></div><div class="spacer battle-history"><br></div><h2 class="battle-history">Turn 12</h2><div class="spacer battle-history"><br></div><div class="battle-history">The opposing Cobalion used <strong>Close Combat</strong>!<br></div><div class="battle-history"><small>It's super effective!</small><br></div><div class="battle-history"><small>(Terrakion lost <abbr title="−273/273">100%</abbr> of its health!)</small><br></div><div class="battle-history"><small>The opposing Cobalion's Defense fell!</small><br></div><div class="battle-history"><small>The opposing Cobalion's Sp. Def fell!</small><br></div><div class="spacer battle-history"><br></div><div class="battle-history">Terrakion fainted!<br></div><div class="spacer battle-history"><br></div><div class="battle-history"><strong>Evaluator</strong> won the battle!<br></div></div><div class="inner-preempt message-log"></div></div></div>
</div>
<script>
let daily = Math.floor(Date.now()/1000/60/60/24);document.write('<script src="https://play.pokemonshowdown.com/js/replay-embed.js?version'+daily+'"></'+'script>');
</script>
